# https://en.wikibooks.org/wiki/LaTeX/Bibliography_Management#BibTeX
@mastersthesis{Yan77,
  author = {Yoo Baik Yang},
  title  = {Methods and Techniques used for Job Shop Scheduling},
  year   = {1977},
  school = {College of Engineering of Florida Technological University},
  url    = {https://stars.library.ucf.edu/cgi/viewcontent.cgi?article=1389&context=rtd},
  type   = {Masters Thesis},
  note   = {Methods and Techniques, Analytical Techniques}
}

@article{KTM99,
  author = {KÃ¤schel, Joachim and Teich, Tobias and Meier, B.},
  year   = {1999},
  month  = {01},
  pages  = {},
  title  = {Algorithms for the Job Shop Scheduling Problem - a comparison of different methods},
  url    = {https://www.researchgate.net/publication/240744093_Algorithms_for_the_Job_Shop_Scheduling_Problem_-_a_comparison_of_different_methods}
}

@article{MSV13,
  author  = {Carlos Mencia and Maria R. Sierra and Ramiro Varela},
  title   = {Depth-first heuristic search for the job shop scheduling problem},
  journal = {Annals of Operations Research},
  year    = {2013},
  month   = {07},
  url     = {https://link.springer.com/article/10.1007/s10479-012-1296-x#citeas}
}

@article{Kon14,
  author  = {Sai Varsha Konakalla},
  title   = {A Star Algorithm},
  journal = {Indiana State University},
  year    = {2014},
  month   = {12},
  url     = {http://cs.indstate.edu/~skonakalla/paper.pdf},
  pages   = {4}
}

@article{HNR68,
  author  = {Peter E. Hart and Nils J. Nilsson and Bertram Raphael},
  title   = {A Formal Basis for the Heuristic Determination of Minimum Cost Paths},
  journal = {IEEE Transactions on Systems Science and Cybernetics},
  year    = {1968},
  month   = {07},
  url     = {https://ieeexplore.ieee.org/abstract/document/4082128/authors#authors},
  pages   = {100 - 107}
}
